@misc{irelli2019cell,
      title={Cell decompositions and algebraicity of cohomology for quiver Grassmannians}, 
      author={Giovanni Cerulli Irelli and Francesco Esposito and Hans Franzen and Markus Reineke},
      year={2019},
      eprint={1804.07736},
      archivePrefix={arXiv},
      primaryClass={math.AG}
}
@misc{maksimau2019flag,
      title={Flag versions of quiver Grassmannians for Dynkin quivers have no odd cohomology over $\mathbb{Z}$}, 
      author={Ruslan Maksimau},
      year={2019},
      eprint={1909.04907},
      archivePrefix={arXiv},
      primaryClass={math.RT}
}
@article{crawley1992lectures,
  title={Lectures on representations of quivers},
  author={Crawley-Boevey, William},
  journal={unpublished notes},
  year={1992}
}
@article{bongartz1984critical,
  title={Critical simply connected algebras},
  author={Bongartz, Klaus},
  journal={manuscripta mathematica},
  volume={46},
  number={1},
  pages={117--136},
  year={1984},
  publisher={Springer}
}
@article{crawley1992lectures,
  title={Lectures on representations of quivers},
  author={Crawley-Boevey, William},
  journal={unpublished notes},
  year={1992}
}